<record><leader>00000cas a2200000 a 4500</leader><controlfield tag="001">26982009</controlfield><controlfield tag="008">921116d19221955iluwr ne      0   a0eng c</controlfield><datafield ind1=" " ind2=" " tag="010"><subfield code="a">sn 92054667 </subfield></datafield><datafield ind1=" " ind2=" " tag="040"><subfield code="a">NVF</subfield><subfield code="b">eng</subfield><subfield code="c">NVF</subfield><subfield code="d">OCLCQ</subfield><subfield code="d">NVF</subfield><subfield code="d">OCLCQ</subfield><subfield code="d">NVF</subfield><subfield code="d">OCLCO</subfield><subfield code="d">OCLCF</subfield><subfield code="d">OCL</subfield><subfield code="d">NVF</subfield><subfield code="d">OCLCO</subfield><subfield code="d">OCLCA</subfield></datafield><datafield ind1="1" ind2=" " tag="029"><subfield code="a">AU@</subfield><subfield code="b">000020746565</subfield></datafield><datafield ind1=" " ind2=" " tag="042"><subfield code="a">pcc</subfield></datafield><datafield ind1=" " ind2=" " tag="043"><subfield code="a">n-us-il</subfield></datafield><datafield ind1="0" ind2="4" tag="245"><subfield code="a">The Carbondale herald.</subfield></datafield><datafield ind1="1" ind2="7" tag="246"><subfield code="a">Southern Illinois herald</subfield><subfield code="f">Apr. 27, 1922-Dec. 16, 1927</subfield></datafield><datafield ind1=" " ind2=" " tag="260"><subfield code="a">Carbondale, Ill. :</subfield><subfield code="b">W.S. Hill,</subfield><subfield code="c">1922-1955.</subfield></datafield><datafield ind1=" " ind2=" " tag="300"><subfield code="a">volumes</subfield></datafield><datafield ind1=" " ind2=" " tag="310"><subfield code="a">Weekly</subfield></datafield><datafield ind1="0" ind2=" " tag="362"><subfield code="a">Vol. 30, no. 34 (Apr. 27, 1922)-v. 61, no. 38 (Apr. 1, 1955).</subfield></datafield><datafield ind1=" " ind2=" " tag="580"><subfield code="a">Issued with: Jackson County Farm Bureau news, &lt;Jan. 2, 1953&gt;-&lt;Apr. 1, 1955&gt;</subfield></datafield><datafield ind1=" " ind2="0" tag="651"><subfield code="a">Carbondale (Ill.)</subfield><subfield code="v">Newspapers.</subfield></datafield><datafield ind1=" " ind2="0" tag="651"><subfield code="a">Jackson County (Ill.)</subfield><subfield code="v">Newspapers.</subfield></datafield><datafield ind1=" " ind2="0" tag="651"><subfield code="a">Southern Illinois (Ill.)</subfield><subfield code="v">Newspapers.</subfield></datafield><datafield ind1=" " ind2="7" tag="651"><subfield code="a">Illinois</subfield><subfield code="z">Jackson County</subfield><subfield code="2">fast</subfield><subfield code="0">(OCoLC)fst01207037</subfield></datafield><datafield ind1=" " ind2="7" tag="651"><subfield code="a">Illinois</subfield><subfield code="z">Carbondale.</subfield><subfield code="2">fast</subfield><subfield code="0">(OCoLC)fst01206446</subfield></datafield><datafield ind1=" " ind2="7" tag="655"><subfield code="a">Newspapers.</subfield><subfield code="2">fast</subfield><subfield code="0">(OCoLC)fst01423814</subfield></datafield><datafield ind1=" " ind2=" " tag="752"><subfield code="a">United States</subfield><subfield code="b">Illinois</subfield><subfield code="c">Jackson County</subfield><subfield code="d">Carbondale.</subfield></datafield><datafield ind1="1" ind2=" " tag="777"><subfield code="t">Jackson County Farm Bureau news</subfield><subfield code="w">(DLC)sn2006061013</subfield><subfield code="w">(OCoLC)70068865</subfield></datafield><datafield ind1="0" ind2="0" tag="780"><subfield code="t">Southern Illinois herald</subfield><subfield code="w">(DLC)sn 88086044</subfield><subfield code="w">(OCoLC)17526412</subfield></datafield></record>